@article{morris2017predictive,
  title={Predictive modeling of influenza shows the promise of applied evolutionary biology},
  author={Morris, Dylan H and Gostic, Katelyn M and Pompei, Simone and Bedford, Trevor and {\L}uksza, Marta and Neher, Richard A and Grenfell, Bryan T and L{\"a}ssig, Michael and McCauley, John W},
  journal={Trends in microbiology},
  year={2017},
  publisher={Elsevier}
}

@article{hood2003digital,
  title={The digital code of DNA},
  author={Hood, Leroy and Galas, David},
  journal={Nature},
  volume={421},
  number={6921},
  pages={444},
  year={2003},
  publisher={Nature Publishing Group}
}

@article{petrova2018evolution,
  title={The evolution of seasonal influenza viruses},
  author={Petrova, Velislava N and Russell, Colin A},
  journal={Nature Reviews Microbiology},
  volume={16},
  number={1},
  pages={47},
  year={2018},
  publisher={Nature Publishing Group}
}

@article{kosakovsky2008maximum,
  title={A maximum likelihood method for detecting directional evolution in protein sequences and its application to influenza A virus},
  author={Kosakovsky Pond, Sergei L and Poon, Art FY and Leigh Brown, Andrew J and Frost, Simon DW},
  journal={Molecular biology and evolution},
  volume={25},
  number={9},
  pages={1809--1824},
  year={2008},
  publisher={Oxford University Press}
}

@article{hilton2017phydms,
  title={phydms: software for phylogenetic analyses informed by deep mutational scanning},
  author={Hilton, Sarah K and Doud, Michael B and Bloom, Jesse D},
  journal={PeerJ},
  volume={5},
  pages={e3657},
  year={2017},
  publisher={PeerJ Inc.}
}

@article{liu2008gene,
  title={Gene-environment interactions and epigenetic basis of human diseases},
  author={Liu, Liang and Li, Yuanyuan and Tollefsbol, Trygve O},
  journal={Current issues in molecular biology},
  volume={10},
  number={1-2},
  pages={25},
  year={2008},
  publisher={NIH Public Access}
}

@article{fowler2014deep,
  title={Deep mutational scanning: a new style of protein science},
  author={Fowler, Douglas M and Fields, Stanley},
  journal={Nature methods},
  volume={11},
  number={8},
  pages={801},
  year={2014},
  publisher={Nature Publishing Group}
}

@article{harris2008single,
  title={Single-molecule DNA sequencing of a viral genome},
  author={Harris, Timothy D and Buzby, Phillip R and Babcock, Hazen and Beer, Eric and Bowers, Jayson and Braslavsky, Ido and Causey, Marie and Colonell, Jennifer and DiMeo, James and Efcavitch, J William and others},
  journal={Science},
  volume={320},
  number={5872},
  pages={106--109},
  year={2008},
  publisher={American Association for the Advancement of Science}
}

@article{bloom2017identification,
  title={Identification of positive selection in genes is greatly improved by using experimentally informed site-specific models},
  author={Bloom, Jesse D},
  journal={Biology direct},
  volume={12},
  number={1},
  pages={1},
  year={2017},
  publisher={BioMed Central}
}

@article{searls1995string,
  title={String variable grammar: A logic grammar formalism for the biological language of DNA},
  author={Searls, David B},
  journal={The Journal of Logic Programming},
  volume={24},
  number={1-2},
  pages={73--102},
  year={1995},
  publisher={Elsevier}
}

@misc{delano2002pymol,
  title={PyMOL},
  author={DeLano, Warren Lyford},
  year={2002}
}

@article{coburn2009modeling,
  title={Modeling influenza epidemics and pandemics: insights into the future of swine flu (H1N1)},
  author={Coburn, Brian J and Wagner, Bradley G and Blower, Sally},
  journal={BMC medicine},
  volume={7},
  number={1},
  pages={30},
  year={2009},
  publisher={BioMed Central}
}

@article{koelle2014influenza,
  title={Influenza: Prediction is worth a shot},
  author={Koelle, Katia and Rasmussen, David A},
  journal={Nature},
  volume={507},
  number={7490},
  pages={47},
  year={2014},
  publisher={Nature Publishing Group}
}

@article{luksza2014predictive,
  title={A predictive fitness model for influenza},
  author={{\L}uksza, Marta and L{\"a}ssig, Michael},
  journal={Nature},
  volume={507},
  number={7490},
  pages={57},
  year={2014},
  publisher={Nature Publishing Group}
}

@article{traulsen2005coevolutionary,
  title={Coevolutionary dynamics: from finite to infinite populations},
  author={Traulsen, Arne and Claussen, Jens Christian and Hauert, Christoph},
  journal={Physical review letters},
  volume={95},
  number={23},
  pages={238701},
  year={2005},
  publisher={APS}
}

@article{stamatakis2006raxml,
  title={RAxML-VI-HPC: maximum likelihood-based phylogenetic analyses with thousands of taxa and mixed models},
  author={Stamatakis, Alexandros},
  journal={Bioinformatics},
  volume={22},
  number={21},
  pages={2688--2690},
  year={2006},
  publisher={Oxford University Press}
}

@article{taubenberger1997initial,
  title={Initial genetic characterization of the 1918 “Spanish” influenza virus},
  author={Taubenberger, Jeffery K and Reid, Ann H and Krafft, Amy E and Bijwaard, Karen E and Fanning, Thomas G},
  journal={Science},
  volume={275},
  number={5307},
  pages={1793--1796},
  year={1997},
  publisher={American Association for the Advancement of Science}
}

@article{caton1982antigenic,
  title={The antigenic structure of the influenza virus A/PR/8/34 hemagglutinin (H1 subtype)},
  author={Caton, Andrew J and Brownlee, George G and Yewdell, Jonathan W and Gerhard, Walter},
  journal={Cell},
  volume={31},
  number={2},
  pages={417--427},
  year={1982},
  publisher={Elsevier}
}

@article{bao2008influenza,
  title={The influenza virus resource at the National Center for Biotechnology Information},
  author={Bao, Yiming and Bolotov, Pavel and Dernovoy, Dmitry and Kiryutin, Boris and Zaslavsky, Leonid and Tatusova, Tatiana and Ostell, Jim and Lipman, David},
  journal={Journal of virology},
  volume={82},
  number={2},
  pages={596--601},
  year={2008},
  publisher={Am Soc Microbiol}
}

@article{cock2009biopython,
  title={Biopython: freely available Python tools for computational molecular biology and bioinformatics},
  author={Cock, Peter JA and Antao, Tiago and Chang, Jeffrey T and Chapman, Brad A and Cox, Cymon J and Dalke, Andrew and Friedberg, Iddo and Hamelryck, Thomas and Kauff, Frank and Wilczynski, Bartek and others},
  journal={Bioinformatics},
  volume={25},
  number={11},
  pages={1422--1423},
  year={2009},
  publisher={Oxford University Press}
}

@article{brendel1986linguistics,
  title={Linguistics of nucleotide sequences: morphology and comparison of vocabularies},
  author={Brendel, Volker and Beckmann, Jacques S and Trifonov, Edward N},
  journal={Journal of Biomolecular Structure and Dynamics},
  volume={4},
  number={1},
  pages={11--21},
  year={1986},
  publisher={Taylor \& Francis}
}

@article{kosakovsky2005not,
  title={Not so different after all: a comparison of methods for detecting amino acid sites under selection},
  author={Kosakovsky Pond, Sergei L and Frost, Simon DW},
  journal={Molecular biology and evolution},
  volume={22},
  number={5},
  pages={1208--1222},
  year={2005},
  publisher={Oxford University Press}
}

@article{russell2014science,
  title={Science Forum: Improving pandemic influenza risk assessment},
  author={Russell, Colin A and Kasson, Peter M and Donis, Ruben O and Riley, Steven and Dunbar, John and Rambaut, Andrew and Asher, Jason and Burke, Stephen and Davis, C Todd and Garten, Rebecca J and others},
  journal={Elife},
  volume={3},
  pages={e03883},
  year={2014},
  publisher={eLife Sciences Publications Limited}
}

@article{wiley1987structure,
  title={The structure and function of the hemagglutinin membrane glycoprotein of influenza virus},
  author={Wiley, Don C and Skehel, John J},
  journal={Annual review of biochemistry},
  volume={56},
  number={1},
  pages={365--394},
  year={1987},
  publisher={Annual Reviews 4139 El Camino Way, PO Box 10139, Palo Alto, CA 94303-0139, USA}
}

@article{leslie1945use,
  title={On the use of matrices in certain population mathematics},
  author={Leslie, Patrick H},
  journal={Biometrika},
  pages={183--212},
  year={1945},
  publisher={JSTOR}
}
